@book{clrs,
title = {Introduction to Algorithms, 3th ed.},
author = {Cormen et al.},
pages = {658--662},
year = {2009},
publisher = {The MIT Press},
}
